% This file was created with JabRef 2.10.
% Encoding: UTF-8


@Article{Wang_2017,
  Title                    = {How the huge energy of quantum vacuum gravitates to drive the slow accelerating expansion of the Universe},
  Author                   = {Qingdi Wang and Zhen Zhu and William G. Unruh},
  Journal                  = {Physical Review D},
  Year                     = {2017},

  Month                    = {may},
  Number                   = {10},
  Volume                   = {95},

  Doi                      = {10.1103/physrevd.95.103504},
  Owner                    = {yfwang},
  Publisher                = {American Physical Society ({APS})},
  Timestamp                = {2017.06.13},
  Url                      = {https://doi.org/10.1103%2Fphysrevd.95.103504}
}

@comment{jabref-meta: databaseType:bibtex;}

